@inproceedings{datar2004,
  title={Locality-sensitive hashing scheme based on p-stable distributions},
  author={Datar, Mayur and Immorlica, Nicole and Indyk, Piotr and Mirrokni, Vahab S},
  booktitle={Proceedings of the twentieth annual symposium on Computational geometry},
  pages={253--262},
  year={2004},
  organization={ACM}
}
@article{slaney2008,
  title={Locality-sensitive hashing for finding nearest neighbors [lecture notes]},
  author={Slaney, Malcolm and Casey, Michael},
  journal={Signal Processing Magazine, IEEE},
  volume={25},
  number={2},
  pages={128--131},
  year={2008},
  publisher={IEEE}
}
@inproceedings{andoni2006,
  title={Near-optimal hashing algorithms for approximate nearest neighbor in high dimensions},
  author={Andoni, Alexandr and Indyk, Piotr},
  booktitle={Foundations of Computer Science, 2006. FOCS'06. 47th Annual IEEE Symposium on},
  pages={459--468},
  year={2006},
  organization={IEEE}
}
@article{bentley1975,
  title={Multidimensional binary search trees used for associative searching},
  author={Bentley, Jon Louis},
  journal={Communications of the ACM},
  volume={18},
  number={9},
  pages={509--517},
  year={1975},
  publisher={ACM}
}
@Misc{dejonge2014,
author = {de Jonge, Edwin},
title = {lsh, Locality sensitive hashing in R},
howpublished = {\url{http://github.com/edwindj/lsh}},
year = {2014}
}
